@article{gans,
title = "Generative adversarial nets",
journal = "Proc. Adv. Neur. Inf. Process. Sys.",
pages = "436-444",
year = "2014",
author = "I. Goodfellow, et al.",
} 

@article{view,
title = "Deep learning in neural networks: An overview",
journal = "Neural Networks",
pages = "85-117",
month ="Jan",
volume = "61",
year = "2015",
author = "Schmidhuber J.",
} 

@article{lstm,
title = "Learning to forget: Continual prediction with LSTM",
journal = "Neur. Comp.",
volume = "12",
number = "10",
pages = "2451-2471",
year = "2000",
author = "F. A. Gers, J. Schmidhuber, F. Cummins",
} 

@article{deep,
title = "Deep learning",
journal = "Nature",
pages = "436-444",
year = "2015",
author = "LeCun, Yann, Yoshua Bengio, and Geoffrey Hinton",
} 

@article{nvidia,
title = "End to End Learning for Self-Driving Cars",
journal = "arXiv preprint arXiv:1604.07316",
year = "2016",
author = "Bojarski, Mariusz, et al.",
} 

@article{tesla,
title = "Tesla Adds High-Speed Autonomous Driving to Its Bag of Tricks",
journal = "New York Times",
month = "Oct",
year = "2015",
author = "Kessler, A.",
} 

@article{cnn,
title = "Tesla Adds High-Speed Autonomous Driving to Its Bag of Tricks",
journal = "Imagenet classification with deep convolutional neural networks",
pages = "1097-1105",
year = "2012",
author = "Krizhevsky, Alex, Ilya Sutskever, and Geoffrey E. Hinton",
} 

@article{autoen,
title = "Auto-encoding variational bayes",
journal = "arXiv preprint arXiv: 1312.6114",
year = "2013",
author = "D. P. Kingma, M. Welling",
}

@article{hinton,
title = "Reducing the dimensionality of data with neural networks",
journal = "Science 313.5786",
pages = "504-507",
year = "2006",
author = "Hinton, Geoffrey E., and Ruslan R. Salakhutdinov",
}

@article{ng,
title = "Sparse autoencoder",
journal = "CS294A Lecture notes 72",
pages = "1-19",
year = "2011",
author = "Ng, Andrew.",
}

@article{denoise,
title = "Stacked denoising autoencoders: Learning useful representations in a deep network with a local denoising criterion",
journal = "Journal of Machine Learning Research",
pages = "3371-3408",
month = "Dec",
year = "2010",
author = "Vincent, Pascal, et al.",
} 

@article{comma,
title = "Learning a Driving Simulator",
journal = "arXiv preprint arXiv:1608.01230",
year = "2016",
author = "E. Santana, G. Hotz",
} 

@article{kitty,
title = "Are we ready for autonomous driving? the KITTI vision benchmark suite",
journal = "Proc. IEEE Conf. Comp. Vis., Patt. Recog.",
pages = "3354-3361",
year = "2012",
author = "A. Geiger, P. Lenz, R. Urtasun",
} 

@article{lrcn,
title = "Long-term recurrent convolutional networks for visual recognition and description",
journal = "Proceedings of the IEEE Conference on Computer Vision and Pattern Recognition",
pages = "2625-2634",
year = "2015",
author = "Donahue, Jeffrey, et al.",
} 

@article{stanford,
title = "Learning to drive: perception for autonomous cars.",
journal = "Stanford University",
year = "2011",
author = "Stavens, David Michael, et al.",
} 

@article{inteldrive1,
title = "Modeling the Driving Behavior of Electric Vehicles Using Smartphones and Neural Networks",
journal = "IEEE Intelligent Transportation Systems Magazine",
pages = "44-53",
volume = "6",
number = "3",
year = "2014",
author = "A. Diaz Alvarez, F. Serradilla Garcia, J. E. Naranjo, J. J. Anaya and F. Jimenez",
} 

@article{inteldrive2,
title = "Review of driving conditions prediction and driving style recognition based control algorithms for hybrid electric vehicles",
journal = "IEEE Vehicle Power and Propulsion Conference, Chicago",
pages = "1-7",
year = "2011",
author = "R. Wang and S. M. Lukic",
} 

